<?xml version = "1.0" encoding = "UTF-8"?><record>
  <leader>01099nam#a2200277#c#4500</leader>
  <controlfield tag="005">20220531095600.0</controlfield>
  <controlfield tag="007">tu</controlfield>
  <controlfield tag="008">960604|1954####xx#######l####|||#|#####c</controlfield>
  <controlfield tag="003">DE-605</controlfield>
  <controlfield tag="001">990021974470206441</controlfield>
  <datafield tag="016" ind1="7" ind2=" ">
    <subfield code="a">1067969357</subfield>
    <subfield code="2">OCoLC</subfield>
  </datafield>
  <datafield tag="035" ind1=" " ind2=" ">
    <subfield code="a">(DE-605)HT005271161</subfield>
  </datafield>
  <datafield tag="040" ind1=" " ind2=" ">
    <subfield code="c">DE-605</subfield>
    <subfield code="a">361</subfield>
    <subfield code="b">ger</subfield>
    <subfield code="e">rakwb</subfield>
    <subfield code="d">DE-605</subfield>
  </datafield>
  <datafield tag="130" ind1="0" ind2=" ">
    <subfield code="a">Sovetskoe administrativnoe pravo</subfield>
    <subfield code="g">dt.</subfield>
  </datafield>
  <datafield tag="245" ind1="1" ind2="0">
    <subfield code="a">Sowjetisches Verwaltungsrecht</subfield>
    <subfield code="b">allg. Teil</subfield>
    <subfield code="c">Unionsinstitut der Rechtswissenschaften beim Ministerium der Justiz der UdSSR. Hrsg. d. &#220;bers.: Deutsches Institut f&#252;r Rechtswissenschaft. S. S. Studenikin ...</subfield>
  </datafield>
  <datafield tag="264" ind1=" " ind2="1">
    <subfield code="a">Berlin</subfield>
    <subfield code="b">Dt. Zentralverl.</subfield>
    <subfield code="c">1954</subfield>
  </datafield>
  <datafield tag="300" ind1=" " ind2=" ">
    <subfield code="a">295 S.</subfield>
  </datafield>
  <datafield tag="689" ind1="0" ind2="0">
    <subfield code="a">Sowjetunion</subfield>
    <subfield code="D">g</subfield>
    <subfield code="0">(DE-588)4077548-3</subfield>
    <subfield code="0">(uri) https://portal.dnb.de/opac.htm?method=simpleSearch&amp;cqlMode=true&amp;query=idn=040775488</subfield>
    <subfield code="0">(uri) http://viaf.org/viaf/sourceID/DNB|040775488</subfield>
    <subfield code="B">GND-040775488</subfield>
  </datafield>
  <datafield tag="689" ind1="0" ind2="1">
    <subfield code="a">Allgemeines Verwaltungsrecht</subfield>
    <subfield code="D">s</subfield>
    <subfield code="0">(DE-588)4117367-3</subfield>
    <subfield code="0">(uri) https://portal.dnb.de/opac.htm?method=simpleSearch&amp;cqlMode=true&amp;query=idn=041173678</subfield>
    <subfield code="0">(uri) http://viaf.org/viaf/sourceID/DNB|041173678</subfield>
    <subfield code="B">GND-041173678</subfield>
  </datafield>
  <datafield tag="964" ind1="0" ind2="s">
    <subfield code="F">051</subfield>
    <subfield code="A">ml||||||</subfield>
  </datafield>
  <datafield tag="964" ind1="0" ind2="i">
    <subfield code="I">marc-FMT via MAB2MARC</subfield>
    <subfield code="F">FMT</subfield>
    <subfield code="A">BK</subfield>
  </datafield>
  <datafield tag="964" ind1="0" ind2="s">
    <subfield code="F">030</subfield>
    <subfield code="A">a|1uc||||||37</subfield>
  </datafield>
  <datafield tag="964" ind1="0" ind2="s">
    <subfield code="F">050</subfield>
    <subfield code="A">a|||||||||||||</subfield>
  </datafield>
  <datafield tag="035" ind1=" " ind2=" ">
    <subfield code="a">(OCoLC)1067969357</subfield>
    <subfield code="0">(uri) http://www.worldcat.org/oclc/1067969357</subfield>
  </datafield>
  <datafield tag="700" ind1="1" ind2=" ">
    <subfield code="a">Studenikin, Semen Sevast&apos;Janovi&#269;</subfield>
    <subfield code="4">oth</subfield>
  </datafield>
  <datafield tag="710" ind1="2" ind2=" ">
    <subfield code="a">Vsesojuznyj Institut Juridi&#269;eskich Nauk</subfield>
    <subfield code="g">Moskau</subfield>
    <subfield code="0">(DE-588)25723-0</subfield>
    <subfield code="4">oth</subfield>
    <subfield code="0">(uri) https://portal.dnb.de/opac.htm?method=simpleSearch&amp;cqlMode=true&amp;query=idn=000257230</subfield>
    <subfield code="0">(uri) http://viaf.org/viaf/sourceID/DNB|000257230</subfield>
    <subfield code="B">GND-000257230</subfield>
  </datafield>
  <datafield tag="710" ind1="2" ind2=" ">
    <subfield code="a">Deutsches Institut f&#252;r Rechtswissenschaft</subfield>
    <subfield code="0">(DE-588)37156-7</subfield>
    <subfield code="4">oth</subfield>
    <subfield code="0">(uri) https://portal.dnb.de/opac.htm?method=simpleSearch&amp;cqlMode=true&amp;query=idn=000371564</subfield>
    <subfield code="0">(uri) http://viaf.org/viaf/sourceID/DNB|000371564</subfield>
    <subfield code="B">GND-000371564</subfield>
  </datafield>
  <datafield tag="MBD" ind1=" " ind2=" ">
    <subfield code="M">49HBZ_NETWORK</subfield>
    <subfield code="i">990021974470206441</subfield>
    <subfield code="n">HBZ Network</subfield>
  </datafield>
  <datafield tag="MBD" ind1=" " ind2=" ">
    <subfield code="M">49HBZ_BIE</subfield>
    <subfield code="i">991022910019706442</subfield>
    <subfield code="n">Universit&#228;t Bielefeld</subfield>
  </datafield>
  <datafield tag="980" ind1="1" ind2=" ">
    <subfield code="e">HBZ</subfield>
    <subfield code="9">LOCAL</subfield>
    <subfield code="M">49HBZ_BIE</subfield>
  </datafield>
  <datafield tag="981" ind1=" " ind2=" ">
    <subfield code="a">(DE-361)1212801</subfield>
    <subfield code="9">LOCAL</subfield>
    <subfield code="M">49HBZ_BIE</subfield>
  </datafield>
  <datafield tag="997" ind1=" " ind2=" ">
    <subfield code="a">20020121</subfield>
    <subfield code="9">LOCAL</subfield>
    <subfield code="M">49HBZ_BIE</subfield>
  </datafield>
  <datafield tag="MNG" ind1=" " ind2=" ">
    <subfield code="c">System</subfield>
    <subfield code="f">HBZ</subfield>
    <subfield code="i">marc21</subfield>
    <subfield code="h">20220531095600.0</subfield>
    <subfield code="k">01</subfield>
    <subfield code="e">false</subfield>
    <subfield code="d">2022-05-31 10:32:27 Europe/Berlin</subfield>
    <subfield code="g">002197447-HBZ01</subfield>
    <subfield code="j">60</subfield>
    <subfield code="a">import</subfield>
    <subfield code="b">2021-04-05 13:28:45 Europe/Berlin</subfield>
  </datafield>
  <datafield tag="H52" ind1="8" ind2=" ">
    <subfield code="b">UB_BI</subfield>
    <subfield code="c">11_Mono</subfield>
    <subfield code="h">KV315.5 S9V5</subfield>
    <subfield code="8">22252165960006442</subfield>
  </datafield>
  <datafield tag="HOL" ind1=" " ind2=" ">
    <subfield code="b">2021-04-19 04:40:01</subfield>
    <subfield code="8">22252165960006442</subfield>
    <subfield code="M">49HBZ_BIE</subfield>
    <subfield code="g">false</subfield>
    <subfield code="a">import</subfield>
  </datafield>
  <datafield tag="ITM" ind1=" " ind2=" ">
    <subfield code="H">22252165960006442</subfield>
    <subfield code="x">11_Mono</subfield>
    <subfield code="f">BOOK</subfield>
    <subfield code="v">11_Mono</subfield>
    <subfield code="p">item_00</subfield>
    <subfield code="X">Cutover_Fix_OSID</subfield>
    <subfield code="U">2021-04-18 10:59:00</subfield>
    <subfield code="Y">2021-04-19 04:40:31</subfield>
    <subfield code="h">false</subfield>
    <subfield code="M">49HBZ_BIE</subfield>
    <subfield code="s">1</subfield>
    <subfield code="d">8</subfield>
    <subfield code="V">import</subfield>
    <subfield code="L">Abteilung/Standort/Haushaltsstufe: 11 | SISIS-Magazindrucker: 0 | HBZ01: HT005271161 | Keine Beilagen: 1</subfield>
    <subfield code="b">110/0222498+01</subfield>
    <subfield code="O">SISIS-Ausleihz&#228;hler vorletztes Migrationsjahr: 0 | SISIS-Vormerkz&#228;hler Migrationsjahr: 0 | SISIS-Buchdaten-Aufnahmedatum: 2002-01-29</subfield>
    <subfield code="N">Fernleihkonditionen: 3 | Sigel: 361 | Klassifikation: 11_Mono | Altersbegrenzung: 0 | SISIS-Ausleihz&#228;hler Migrationsjahr: 0 | SISIS-Ausleihz&#228;hler Vor-Migrationsjahr: 0</subfield>
    <subfield code="a">23252165950006442</subfield>
    <subfield code="c">KV315.5 S9V5</subfield>
    <subfield code="W">2021-04-19 04:40:01</subfield>
    <subfield code="u">UB_BI</subfield>
    <subfield code="w">UB_BI</subfield>
  </datafield>
  <datafield tag="GKT" ind1="2" ind2=" ">
    <subfield code="a">Deutsche Akademie f&#252;r Staats- und Rechtswissenschaft Walter Ulbricht</subfield>
    <subfield code="b">Deutsches Institut f&#252;r Rechtswissenschaft</subfield>
    <subfield code="A">GND</subfield>
    <subfield code="B">GND-000371564</subfield>
    <subfield code="C">410</subfield>
  </datafield>
  <datafield tag="GKT" ind1="2" ind2=" ">
    <subfield code="a">Institut f&#252;r Rechtswissenschaft</subfield>
    <subfield code="g">Potsdam-Babelsberg</subfield>
    <subfield code="A">GND</subfield>
    <subfield code="B">GND-000371564</subfield>
    <subfield code="C">410</subfield>
  </datafield>
  <datafield tag="GSI" ind1="7" ind2=" ">
    <subfield code="a">37156-7</subfield>
    <subfield code="0">http://d-nb.info/gnd/37156-7</subfield>
    <subfield code="2">gnd</subfield>
    <subfield code="A">GND</subfield>
    <subfield code="B">GND-000371564</subfield>
    <subfield code="C">024</subfield>
  </datafield>
  <datafield tag="GKT" ind1="2" ind2=" ">
    <subfield code="a">Institut Juridi&#269;eskich Nauk</subfield>
    <subfield code="g">Moskau</subfield>
    <subfield code="A">GND</subfield>
    <subfield code="B">GND-000257230</subfield>
    <subfield code="C">410</subfield>
  </datafield>
  <datafield tag="GKT" ind1="2" ind2=" ">
    <subfield code="a">Unionsinstitut der Rechtswissenschaften</subfield>
    <subfield code="g">Moskau</subfield>
    <subfield code="A">GND</subfield>
    <subfield code="B">GND-000257230</subfield>
    <subfield code="C">410</subfield>
  </datafield>
  <datafield tag="GKT" ind1="2" ind2=" ">
    <subfield code="a">Vsesojuznyj Institut Juridi&#269;eskich Nauk Ministerstva Justicii SSSR</subfield>
    <subfield code="A">GND</subfield>
    <subfield code="B">GND-000257230</subfield>
    <subfield code="C">410</subfield>
  </datafield>
  <datafield tag="GKT" ind1="2" ind2=" ">
    <subfield code="a">Ministerstvo Justicii SSSR</subfield>
    <subfield code="b">Vsesojuznyj Institut Juridi&#269;eskich Nauk</subfield>
    <subfield code="A">GND</subfield>
    <subfield code="B">GND-000257230</subfield>
    <subfield code="C">410</subfield>
  </datafield>
  <datafield tag="GKT" ind1="2" ind2=" ">
    <subfield code="a">SSSR</subfield>
    <subfield code="b">Ministerstvo Justicii</subfield>
    <subfield code="b">Vsesojuznyj Institut Juridi&#269;eskich Nauk</subfield>
    <subfield code="A">GND</subfield>
    <subfield code="B">GND-000257230</subfield>
    <subfield code="C">410</subfield>
  </datafield>
  <datafield tag="GKT" ind1="2" ind2=" ">
    <subfield code="a">Institut Juridi&#269;eskich Nauk</subfield>
    <subfield code="g">Moskva</subfield>
    <subfield code="A">GND</subfield>
    <subfield code="B">GND-000257230</subfield>
    <subfield code="C">410</subfield>
  </datafield>
  <datafield tag="GKT" ind1="2" ind2=" ">
    <subfield code="a">Vsesojuznyj Institut Juridi&#269;eskich Nauk</subfield>
    <subfield code="g">Moskva</subfield>
    <subfield code="A">GND</subfield>
    <subfield code="B">GND-000257230</subfield>
    <subfield code="C">410</subfield>
  </datafield>
  <datafield tag="GKT" ind1="2" ind2=" ">
    <subfield code="9">U:Cyrl</subfield>
    <subfield code="a">&#1048;&#1085;&#1089;&#1090;&#1080;&#1090;&#1091;&#1090; &#1102;&#1088;&#1080;&#1076;&#1080;&#1095;&#1077;&#1089;&#1082;&#1080;&#1093; &#1085;&#1072;&#1091;&#1082;</subfield>
    <subfield code="g">&#1052;&#1086;&#1089;&#1082;&#1074;&#1072;</subfield>
    <subfield code="5">DE-576</subfield>
    <subfield code="A">GND</subfield>
    <subfield code="B">GND-000257230</subfield>
    <subfield code="C">410</subfield>
  </datafield>
  <datafield tag="GSI" ind1="7" ind2=" ">
    <subfield code="a">25723-0</subfield>
    <subfield code="0">http://d-nb.info/gnd/25723-0</subfield>
    <subfield code="2">gnd</subfield>
    <subfield code="A">GND</subfield>
    <subfield code="B">GND-000257230</subfield>
    <subfield code="C">024</subfield>
  </datafield>
  <datafield tag="GST" ind1=" " ind2=" ">
    <subfield code="a">Verwaltungsrecht</subfield>
    <subfield code="x">Allgemeiner Teil</subfield>
    <subfield code="A">GND</subfield>
    <subfield code="B">GND-041173678</subfield>
    <subfield code="C">450</subfield>
  </datafield>
  <datafield tag="GSI" ind1="7" ind2=" ">
    <subfield code="a">http://d-nb.info/gnd/4117367-3</subfield>
    <subfield code="2">uri</subfield>
    <subfield code="A">GND</subfield>
    <subfield code="B">GND-041173678</subfield>
    <subfield code="C">024</subfield>
  </datafield>
  <datafield tag="GSI" ind1="7" ind2=" ">
    <subfield code="a">http://d-nb.info/gnd/4077548-3</subfield>
    <subfield code="2">uri</subfield>
    <subfield code="A">GND</subfield>
    <subfield code="B">GND-040775488</subfield>
    <subfield code="C">024</subfield>
  </datafield>
  <datafield tag="GGN" ind1=" " ind2=" ">
    <subfield code="a">UdSSR</subfield>
    <subfield code="4">abku</subfield>
    <subfield code="4">http://d-nb.info/standards/elementset/gnd#abbreviatedNameForThePlaceOrGeographicName</subfield>
    <subfield code="w">r</subfield>
    <subfield code="i">Abkuerzung</subfield>
    <subfield code="A">GND</subfield>
    <subfield code="B">GND-040775488</subfield>
    <subfield code="C">451</subfield>
  </datafield>
  <datafield tag="GGN" ind1=" " ind2=" ">
    <subfield code="a">SSSR</subfield>
    <subfield code="4">abku</subfield>
    <subfield code="4">http://d-nb.info/standards/elementset/gnd#abbreviatedNameForThePlaceOrGeographicName</subfield>
    <subfield code="w">r</subfield>
    <subfield code="i">Abkuerzung</subfield>
    <subfield code="A">GND</subfield>
    <subfield code="B">GND-040775488</subfield>
    <subfield code="C">451</subfield>
  </datafield>
  <datafield tag="GGN" ind1=" " ind2=" ">
    <subfield code="a">Republik-Republik Kesatuan Soviet Sosialis</subfield>
    <subfield code="A">GND</subfield>
    <subfield code="B">GND-040775488</subfield>
    <subfield code="C">451</subfield>
  </datafield>
  <datafield tag="GGN" ind1=" " ind2=" ">
    <subfield code="a">Sojuz Sovetskich Socialistic&#780;eskich Respublik</subfield>
    <subfield code="A">GND</subfield>
    <subfield code="B">GND-040775488</subfield>
    <subfield code="C">451</subfield>
  </datafield>
  <datafield tag="GGN" ind1=" " ind2=" ">
    <subfield code="a">Union der Sozialistischen Sowjet-Republiken</subfield>
    <subfield code="A">GND</subfield>
    <subfield code="B">GND-040775488</subfield>
    <subfield code="C">451</subfield>
  </datafield>
  <datafield tag="GGN" ind1=" " ind2=" ">
    <subfield code="a">Union der SSR</subfield>
    <subfield code="A">GND</subfield>
    <subfield code="B">GND-040775488</subfield>
    <subfield code="C">451</subfield>
  </datafield>
  <datafield tag="GGN" ind1=" " ind2=" ">
    <subfield code="a">Union of Soviet Socialist Republics</subfield>
    <subfield code="A">GND</subfield>
    <subfield code="B">GND-040775488</subfield>
    <subfield code="C">451</subfield>
  </datafield>
  <datafield tag="GGN" ind1=" " ind2=" ">
    <subfield code="a">USSR</subfield>
    <subfield code="4">abku</subfield>
    <subfield code="4">http://d-nb.info/standards/elementset/gnd#abbreviatedNameForThePlaceOrGeographicName</subfield>
    <subfield code="w">r</subfield>
    <subfield code="i">Abkuerzung</subfield>
    <subfield code="A">GND</subfield>
    <subfield code="B">GND-040775488</subfield>
    <subfield code="C">451</subfield>
  </datafield>
  <datafield tag="GGN" ind1=" " ind2=" ">
    <subfield code="a">Union des Re&#769;publiques Socialistes Sovie&#769;tiques</subfield>
    <subfield code="A">GND</subfield>
    <subfield code="B">GND-040775488</subfield>
    <subfield code="C">451</subfield>
  </datafield>
  <datafield tag="GGN" ind1=" " ind2=" ">
    <subfield code="a">URSS</subfield>
    <subfield code="4">abku</subfield>
    <subfield code="4">http://d-nb.info/standards/elementset/gnd#abbreviatedNameForThePlaceOrGeographicName</subfield>
    <subfield code="w">r</subfield>
    <subfield code="i">Abkuerzung</subfield>
    <subfield code="A">GND</subfield>
    <subfield code="B">GND-040775488</subfield>
    <subfield code="C">451</subfield>
  </datafield>
  <datafield tag="GGN" ind1=" " ind2=" ">
    <subfield code="a">Russland</subfield>
    <subfield code="g">1923-1991</subfield>
    <subfield code="A">GND</subfield>
    <subfield code="B">GND-040775488</subfield>
    <subfield code="C">451</subfield>
  </datafield>
  <datafield tag="GGN" ind1=" " ind2=" ">
    <subfield code="a">Russia</subfield>
    <subfield code="g">1923-1991</subfield>
    <subfield code="A">GND</subfield>
    <subfield code="B">GND-040775488</subfield>
    <subfield code="C">451</subfield>
  </datafield>
  <datafield tag="GGN" ind1=" " ind2=" ">
    <subfield code="a">Padomju Socia&#772;listiko Republiku Savieni&#772;ba</subfield>
    <subfield code="A">GND</subfield>
    <subfield code="B">GND-040775488</subfield>
    <subfield code="C">451</subfield>
  </datafield>
  <datafield tag="GGN" ind1=" " ind2=" ">
    <subfield code="a">PSRS</subfield>
    <subfield code="4">abku</subfield>
    <subfield code="4">http://d-nb.info/standards/elementset/gnd#abbreviatedNameForThePlaceOrGeographicName</subfield>
    <subfield code="w">r</subfield>
    <subfield code="i">Abkuerzung</subfield>
    <subfield code="A">GND</subfield>
    <subfield code="B">GND-040775488</subfield>
    <subfield code="C">451</subfield>
  </datafield>
  <datafield tag="GGN" ind1=" " ind2=" ">
    <subfield code="a">SSR&#775;M</subfield>
    <subfield code="4">abku</subfield>
    <subfield code="4">http://d-nb.info/standards/elementset/gnd#abbreviatedNameForThePlaceOrGeographicName</subfield>
    <subfield code="w">r</subfield>
    <subfield code="i">Abkuerzung</subfield>
    <subfield code="A">GND</subfield>
    <subfield code="B">GND-040775488</subfield>
    <subfield code="C">451</subfield>
  </datafield>
  <datafield tag="GGN" ind1=" " ind2=" ">
    <subfield code="a">ZSSR</subfield>
    <subfield code="4">abku</subfield>
    <subfield code="4">http://d-nb.info/standards/elementset/gnd#abbreviatedNameForThePlaceOrGeographicName</subfield>
    <subfield code="w">r</subfield>
    <subfield code="i">Abkuerzung</subfield>
    <subfield code="A">GND</subfield>
    <subfield code="B">GND-040775488</subfield>
    <subfield code="C">451</subfield>
  </datafield>
  <datafield tag="GGN" ind1=" " ind2=" ">
    <subfield code="a">TSRS</subfield>
    <subfield code="4">abku</subfield>
    <subfield code="4">http://d-nb.info/standards/elementset/gnd#abbreviatedNameForThePlaceOrGeographicName</subfield>
    <subfield code="w">r</subfield>
    <subfield code="i">Abkuerzung</subfield>
    <subfield code="A">GND</subfield>
    <subfield code="B">GND-040775488</subfield>
    <subfield code="C">451</subfield>
  </datafield>
  <datafield tag="GGN" ind1=" " ind2=" ">
    <subfield code="a">Savez Sovjetskih Socijalistic&#780;kih Republika</subfield>
    <subfield code="A">GND</subfield>
    <subfield code="B">GND-040775488</subfield>
    <subfield code="C">451</subfield>
  </datafield>
  <datafield tag="GGN" ind1=" " ind2=" ">
    <subfield code="a">Soviet Union</subfield>
    <subfield code="A">GND</subfield>
    <subfield code="B">GND-040775488</subfield>
    <subfield code="C">451</subfield>
  </datafield>
  <datafield tag="GGN" ind1=" " ind2=" ">
    <subfield code="a">SSHM</subfield>
    <subfield code="4">abku</subfield>
    <subfield code="4">http://d-nb.info/standards/elementset/gnd#abbreviatedNameForThePlaceOrGeographicName</subfield>
    <subfield code="w">r</subfield>
    <subfield code="i">Abkuerzung</subfield>
    <subfield code="A">GND</subfield>
    <subfield code="B">GND-040775488</subfield>
    <subfield code="C">451</subfield>
  </datafield>
  <datafield tag="GGN" ind1=" " ind2=" ">
    <subfield code="a">Sojuz Radjans&apos;kich Sozialistic&#780;nich Respublik</subfield>
    <subfield code="A">GND</subfield>
    <subfield code="B">GND-040775488</subfield>
    <subfield code="C">451</subfield>
  </datafield>
  <datafield tag="GGN" ind1=" " ind2=" ">
    <subfield code="a">SRSR</subfield>
    <subfield code="4">abku</subfield>
    <subfield code="4">http://d-nb.info/standards/elementset/gnd#abbreviatedNameForThePlaceOrGeographicName</subfield>
    <subfield code="w">r</subfield>
    <subfield code="i">Abkuerzung</subfield>
    <subfield code="A">GND</subfield>
    <subfield code="B">GND-040775488</subfield>
    <subfield code="C">451</subfield>
  </datafield>
  <datafield tag="GGN" ind1=" " ind2=" ">
    <subfield code="a">S&#807;yra Sosjalist Cumhyrijje&#803;tle&#803;ri Ittifaki&#774;</subfield>
    <subfield code="A">GND</subfield>
    <subfield code="B">GND-040775488</subfield>
    <subfield code="C">451</subfield>
  </datafield>
  <datafield tag="GGN" ind1=" " ind2=" ">
    <subfield code="a">S&#780;ura Socialist Gu&#776;mhurietleri Ittipaky</subfield>
    <subfield code="A">GND</subfield>
    <subfield code="B">GND-040775488</subfield>
    <subfield code="C">451</subfield>
  </datafield>
  <datafield tag="GGN" ind1=" " ind2=" ">
    <subfield code="a">S&#780;ura Sosyalist G&#780;u&#776;mhuriyetleri Ittifaqi&#776;</subfield>
    <subfield code="A">GND</subfield>
    <subfield code="B">GND-040775488</subfield>
    <subfield code="C">451</subfield>
  </datafield>
  <datafield tag="GGN" ind1=" " ind2=" ">
    <subfield code="a">SSCB</subfield>
    <subfield code="4">abku</subfield>
    <subfield code="4">http://d-nb.info/standards/elementset/gnd#abbreviatedNameForThePlaceOrGeographicName</subfield>
    <subfield code="w">r</subfield>
    <subfield code="i">Abkuerzung</subfield>
    <subfield code="A">GND</subfield>
    <subfield code="B">GND-040775488</subfield>
    <subfield code="C">451</subfield>
  </datafield>
  <datafield tag="GGN" ind1=" " ind2=" ">
    <subfield code="9">U:Cyrl</subfield>
    <subfield code="9">L:rus</subfield>
    <subfield code="a">&#1057;&#1086;&#1102;&#1079; &#1057;&#1086;&#1074;&#1077;&#1090;&#1089;&#1082;&#1080;&#1093; &#1057;&#1086;&#1094;&#1080;&#1072;&#1083;&#1080;&#1089;&#1090;&#1080;&#1095;&#1077;&#1089;&#1082;&#1080;&#1093; &#1056;&#1077;&#1089;&#1087;&#1091;&#1073;&#1083;&#1080;&#1082;</subfield>
    <subfield code="5">DE-576</subfield>
    <subfield code="A">GND</subfield>
    <subfield code="B">GND-040775488</subfield>
    <subfield code="C">451</subfield>
  </datafield>
  <datafield tag="GGN" ind1=" " ind2=" ">
    <subfield code="9">U:Cyrl</subfield>
    <subfield code="9">L:rus</subfield>
    <subfield code="a">&#1057;&#1057;&#1057;&#1056;</subfield>
    <subfield code="5">DE-576</subfield>
    <subfield code="A">GND</subfield>
    <subfield code="B">GND-040775488</subfield>
    <subfield code="C">451</subfield>
  </datafield>
</record>